@book{lamport1994latex,
  title     = {LaTeX: A Document Preparation System},
  author    = {Lamport, Leslie},
  year      = {1994},
  publisher = {Addison Wesley}
}